%YAML 1.1
%TAG !u! tag:unity3d.com,2011:
--- !u!114 &-8705437508985732463
MonoBehaviour:
  m_ObjectHideFlags: 0
  m_CorrespondingSourceObject: {fileID: 0}
  m_PrefabInstance: {fileID: 0}
  m_PrefabAsset: {fileID: 0}
  m_GameObject: {fileID: 0}
  m_Enabled: 1
  m_EditorHideFlags: 0
  m_Script: {fileID: 11500000, guid: ceb653cd98e289a4e8697a1af55201f2, type: 3}
  m_Name: event:/Music/Main Theme
  m_EditorClassIdentifier: 
  Path: event:/Music/Main Theme
  guid: b6b668f3338c1f409d55dd0bcaea0909
  Banks:
  - {fileID: -5634332173787914885}
  IsStream: 0
  Is3D: 0
  IsOneShot: 1
  Parameters: []
  MinDistance: 0
  MaxDistance: 0
  Length: 0
--- !u!114 &-8174070381663083707
MonoBehaviour:
  m_ObjectHideFlags: 0
  m_CorrespondingSourceObject: {fileID: 0}
  m_PrefabInstance: {fileID: 0}
  m_PrefabAsset: {fileID: 0}
  m_GameObject: {fileID: 0}
  m_Enabled: 1
  m_EditorHideFlags: 0
  m_Script: {fileID: 11500000, guid: c18180ecb35941f4682ae60107b85b7c, type: 3}
  m_Name: bank:/SFX.bank
  m_EditorClassIdentifier: 
  Path: ../Chonky Birds-Fmod/Build/Desktop/SFX.bank
  SubDir: 
  lastModified: 637266301049916886
  LoadResult: 0
  FileSizes: []
  Exists: 0
--- !u!114 &-7880266061925023115
MonoBehaviour:
  m_ObjectHideFlags: 0
  m_CorrespondingSourceObject: {fileID: 0}
  m_PrefabInstance: {fileID: 0}
  m_PrefabAsset: {fileID: 0}
  m_GameObject: {fileID: 0}
  m_Enabled: 1
  m_EditorHideFlags: 0
  m_Script: {fileID: 11500000, guid: c18180ecb35941f4682ae60107b85b7c, type: 3}
  m_Name: bank:/Master Bank.strings.bank
  m_EditorClassIdentifier: 
  Path: ../Chonky Birds-Fmod/Build/Desktop/Master Bank.strings.bank
  SubDir: 
  lastModified: 637268081886976775
  LoadResult: 0
  FileSizes:
  - Name: Desktop
    Value: 990
  Exists: 0
--- !u!114 &-7732249331851339269
MonoBehaviour:
  m_ObjectHideFlags: 0
  m_CorrespondingSourceObject: {fileID: 0}
  m_PrefabInstance: {fileID: 0}
  m_PrefabAsset: {fileID: 0}
  m_GameObject: {fileID: 0}
  m_Enabled: 1
  m_EditorHideFlags: 0
  m_Script: {fileID: 11500000, guid: c18180ecb35941f4682ae60107b85b7c, type: 3}
  m_Name: bank:/SFX.bank
  m_EditorClassIdentifier: 
  Path: ../Chonky Birds-Fmod/Build/Desktop/SFX.bank
  SubDir: 
  lastModified: 637268081887496826
  LoadResult: 0
  FileSizes: []
  Exists: 0
--- !u!114 &-7605235429668878094
MonoBehaviour:
  m_ObjectHideFlags: 0
  m_CorrespondingSourceObject: {fileID: 0}
  m_PrefabInstance: {fileID: 0}
  m_PrefabAsset: {fileID: 0}
  m_GameObject: {fileID: 0}
  m_Enabled: 1
  m_EditorHideFlags: 0
  m_Script: {fileID: 11500000, guid: ceb653cd98e289a4e8697a1af55201f2, type: 3}
  m_Name: event:/Music/Chonk
  m_EditorClassIdentifier: 
  Path: event:/Music/Chonk
  guid: f575a8ea5134ce48a61dbdb6b3b2e2f0
  Banks:
  - {fileID: -3634192836842285051}
  IsStream: 0
  Is3D: 0
  IsOneShot: 1
  Parameters: []
  MinDistance: 0
  MaxDistance: 0
  Length: 0
--- !u!114 &-6969009899086849499
MonoBehaviour:
  m_ObjectHideFlags: 0
  m_CorrespondingSourceObject: {fileID: 0}
  m_PrefabInstance: {fileID: 0}
  m_PrefabAsset: {fileID: 0}
  m_GameObject: {fileID: 0}
  m_Enabled: 1
  m_EditorHideFlags: 0
  m_Script: {fileID: 11500000, guid: c18180ecb35941f4682ae60107b85b7c, type: 3}
  m_Name: bank:/SFX.bank
  m_EditorClassIdentifier: 
  Path: ../Chonky Birds-Fmod/Build/Desktop/SFX.bank
  SubDir: 
  lastModified: 637268081887496826
  LoadResult: 0
  FileSizes: []
  Exists: 1
--- !u!114 &-6837371913399898433
MonoBehaviour:
  m_ObjectHideFlags: 0
  m_CorrespondingSourceObject: {fileID: 0}
  m_PrefabInstance: {fileID: 0}
  m_PrefabAsset: {fileID: 0}
  m_GameObject: {fileID: 0}
  m_Enabled: 1
  m_EditorHideFlags: 0
  m_Script: {fileID: 11500000, guid: ceb653cd98e289a4e8697a1af55201f2, type: 3}
  m_Name: event:/Loading_Page_Draft_200225
  m_EditorClassIdentifier: 
  Path: event:/Loading_Page_Draft_200225
  guid: bdeeb809869f2a43a04e54c28e8f56ff
  Banks:
  - {fileID: 17670527999841435}
  - {fileID: 4993142591444074666}
  IsStream: 1
  Is3D: 0
  IsOneShot: 0
  Parameters: []
  MinDistance: 0
  MaxDistance: 0
  Length: 19252
--- !u!114 &-6531734966012550727
MonoBehaviour:
  m_ObjectHideFlags: 0
  m_CorrespondingSourceObject: {fileID: 0}
  m_PrefabInstance: {fileID: 0}
  m_PrefabAsset: {fileID: 0}
  m_GameObject: {fileID: 0}
  m_Enabled: 1
  m_EditorHideFlags: 0
  m_Script: {fileID: 11500000, guid: c18180ecb35941f4682ae60107b85b7c, type: 3}
  m_Name: bank:/Music.bank
  m_EditorClassIdentifier: 
  Path: ../Chonky Birds-Fmod/Build/Desktop/Music.bank
  SubDir: 
  lastModified: 637268081887436856
  LoadResult: 0
  FileSizes: []
  Exists: 0
--- !u!114 &-5634332173787914885
MonoBehaviour:
  m_ObjectHideFlags: 0
  m_CorrespondingSourceObject: {fileID: 0}
  m_PrefabInstance: {fileID: 0}
  m_PrefabAsset: {fileID: 0}
  m_GameObject: {fileID: 0}
  m_Enabled: 1
  m_EditorHideFlags: 0
  m_Script: {fileID: 11500000, guid: c18180ecb35941f4682ae60107b85b7c, type: 3}
  m_Name: bank:/Music.bank
  m_EditorClassIdentifier: 
  Path: C:/Users/Marcus Tan/Dropbox/Chonky Birds FMOD/Chonky Birds/Build/Desktop/Music.bank
  SubDir: 
  lastModified: 637266301049786908
  LoadResult: 0
  FileSizes:
  - Name: Desktop
    Value: 223488
  Exists: 1
--- !u!114 &-4667430386468210679
MonoBehaviour:
  m_ObjectHideFlags: 0
  m_CorrespondingSourceObject: {fileID: 0}
  m_PrefabInstance: {fileID: 0}
  m_PrefabAsset: {fileID: 0}
  m_GameObject: {fileID: 0}
  m_Enabled: 1
  m_EditorHideFlags: 0
  m_Script: {fileID: 11500000, guid: ceb653cd98e289a4e8697a1af55201f2, type: 3}
  m_Name: event:/Music/Race
  m_EditorClassIdentifier: 
  Path: event:/Music/Race
  guid: 11e9d71004b0f0408bdee82bc8193902
  Banks:
  - {fileID: 4993142591444074666}
  IsStream: 0
  Is3D: 0
  IsOneShot: 1
  Parameters: []
  MinDistance: 0
  MaxDistance: 0
  Length: 0
--- !u!114 &-4545623681991803827
MonoBehaviour:
  m_ObjectHideFlags: 0
  m_CorrespondingSourceObject: {fileID: 0}
  m_PrefabInstance: {fileID: 0}
  m_PrefabAsset: {fileID: 0}
  m_GameObject: {fileID: 0}
  m_Enabled: 1
  m_EditorHideFlags: 0
  m_Script: {fileID: 11500000, guid: c18180ecb35941f4682ae60107b85b7c, type: 3}
  m_Name: bank:/Master Bank.bank
  m_EditorClassIdentifier: 
  Path: ../Chonky Birds-Fmod/Build/Desktop/Master Bank.bank
  SubDir: 
  lastModified: 637268081886906793
  LoadResult: 0
  FileSizes: []
  Exists: 0
--- !u!114 &-4113803765903166948
MonoBehaviour:
  m_ObjectHideFlags: 0
  m_CorrespondingSourceObject: {fileID: 0}
  m_PrefabInstance: {fileID: 0}
  m_PrefabAsset: {fileID: 0}
  m_GameObject: {fileID: 0}
  m_Enabled: 1
  m_EditorHideFlags: 0
  m_Script: {fileID: 11500000, guid: c18180ecb35941f4682ae60107b85b7c, type: 3}
  m_Name: bank:/Master Bank.bank
  m_EditorClassIdentifier: 
  Path: Assets/FmodAssets/Banks/Desktop/Master Bank.bank
  SubDir: 
  lastModified: 637268090040795078
  LoadResult: 0
  FileSizes: []
  Exists: 1
--- !u!114 &-3634192836842285051
MonoBehaviour:
  m_ObjectHideFlags: 0
  m_CorrespondingSourceObject: {fileID: 0}
  m_PrefabInstance: {fileID: 0}
  m_PrefabAsset: {fileID: 0}
  m_GameObject: {fileID: 0}
  m_Enabled: 1
  m_EditorHideFlags: 0
  m_Script: {fileID: 11500000, guid: c18180ecb35941f4682ae60107b85b7c, type: 3}
  m_Name: bank:/Music.bank
  m_EditorClassIdentifier: 
  Path: Assets/FmodAssets/Banks/Desktop/Music.bank
  SubDir: 
  lastModified: 637268090041085104
  LoadResult: 0
  FileSizes: []
  Exists: 1
--- !u!114 &-3436253700043430480
MonoBehaviour:
  m_ObjectHideFlags: 0
  m_CorrespondingSourceObject: {fileID: 0}
  m_PrefabInstance: {fileID: 0}
  m_PrefabAsset: {fileID: 0}
  m_GameObject: {fileID: 0}
  m_Enabled: 1
  m_EditorHideFlags: 0
  m_Script: {fileID: 11500000, guid: c18180ecb35941f4682ae60107b85b7c, type: 3}
  m_Name: bank:/Master Bank.bank
  m_EditorClassIdentifier: 
  Path: ../Chonky Birds-Fmod/Build/Desktop/Master Bank.bank
  SubDir: 
  lastModified: 637266301049226830
  LoadResult: 0
  FileSizes: []
  Exists: 0
--- !u!114 &-3188414438246473794
MonoBehaviour:
  m_ObjectHideFlags: 0
  m_CorrespondingSourceObject: {fileID: 0}
  m_PrefabInstance: {fileID: 0}
  m_PrefabAsset: {fileID: 0}
  m_GameObject: {fileID: 0}
  m_Enabled: 1
  m_EditorHideFlags: 0
  m_Script: {fileID: 11500000, guid: ceb653cd98e289a4e8697a1af55201f2, type: 3}
  m_Name: event:/Music/Race
  m_EditorClassIdentifier: 
  Path: event:/Music/Race
  guid: 11e9d71004b0f0408bdee82bc8193902
  Banks:
  - {fileID: -5634332173787914885}
  IsStream: 0
  Is3D: 0
  IsOneShot: 1
  Parameters: []
  MinDistance: 0
  MaxDistance: 0
  Length: 0
--- !u!114 &-3135066724859910306
MonoBehaviour:
  m_ObjectHideFlags: 0
  m_CorrespondingSourceObject: {fileID: 0}
  m_PrefabInstance: {fileID: 0}
  m_PrefabAsset: {fileID: 0}
  m_GameObject: {fileID: 0}
  m_Enabled: 1
  m_EditorHideFlags: 0
  m_Script: {fileID: 11500000, guid: c18180ecb35941f4682ae60107b85b7c, type: 3}
  m_Name: bank:/Master Bank.bank
  m_EditorClassIdentifier: 
  Path: C:/Users/Marcus Tan/Dropbox/Chonky Birds FMOD/Chonky Birds/Build/Desktop/Master
    Bank.bank
  SubDir: 
  lastModified: 637266301049226830
  LoadResult: 0
  FileSizes:
  - Name: Desktop
    Value: 221760
  Exists: 1
--- !u!114 &-3125960382126094684
MonoBehaviour:
  m_ObjectHideFlags: 0
  m_CorrespondingSourceObject: {fileID: 0}
  m_PrefabInstance: {fileID: 0}
  m_PrefabAsset: {fileID: 0}
  m_GameObject: {fileID: 0}
  m_Enabled: 1
  m_EditorHideFlags: 0
  m_Script: {fileID: 11500000, guid: ceb653cd98e289a4e8697a1af55201f2, type: 3}
  m_Name: event:/Music/Chonk
  m_EditorClassIdentifier: 
  Path: event:/Music/Chonk
  guid: f575a8ea5134ce48a61dbdb6b3b2e2f0
  Banks:
  - {fileID: 4993142591444074666}
  IsStream: 0
  Is3D: 0
  IsOneShot: 1
  Parameters: []
  MinDistance: 0
  MaxDistance: 0
  Length: 0
--- !u!114 &-1967145080877562855
MonoBehaviour:
  m_ObjectHideFlags: 0
  m_CorrespondingSourceObject: {fileID: 0}
  m_PrefabInstance: {fileID: 0}
  m_PrefabAsset: {fileID: 0}
  m_GameObject: {fileID: 0}
  m_Enabled: 1
  m_EditorHideFlags: 0
  m_Script: {fileID: 11500000, guid: c18180ecb35941f4682ae60107b85b7c, type: 3}
  m_Name: bank:/Master Bank.strings.bank
  m_EditorClassIdentifier: 
  Path: Assets/FmodAssets/Banks/Desktop/Master Bank.strings.bank
  SubDir: 
  lastModified: 637268090040875085
  LoadResult: 0
  FileSizes:
  - Name: 
    Value: 990
  Exists: 1
--- !u!114 &-882153158287543626
MonoBehaviour:
  m_ObjectHideFlags: 0
  m_CorrespondingSourceObject: {fileID: 0}
  m_PrefabInstance: {fileID: 0}
  m_PrefabAsset: {fileID: 0}
  m_GameObject: {fileID: 0}
  m_Enabled: 1
  m_EditorHideFlags: 0
  m_Script: {fileID: 11500000, guid: c18180ecb35941f4682ae60107b85b7c, type: 3}
  m_Name: bank:/Master Bank.strings.bank
  m_EditorClassIdentifier: 
  Path: ../Chonky Birds-Fmod/Build/Desktop/Master Bank.strings.bank
  SubDir: 
  lastModified: 637268081886976775
  LoadResult: 0
  FileSizes:
  - Name: 
    Value: 990
  Exists: 1
--- !u!114 &11400000
MonoBehaviour:
  m_ObjectHideFlags: 0
  m_CorrespondingSourceObject: {fileID: 0}
  m_PrefabInstance: {fileID: 0}
  m_PrefabAsset: {fileID: 0}
  m_GameObject: {fileID: 0}
  m_Enabled: 1
  m_EditorHideFlags: 0
  m_Script: {fileID: 11500000, guid: d32cf7c32a3ed8347bac48ef5ed56d82, type: 3}
  m_Name: FMODStudioCache
  m_EditorClassIdentifier: 
  EditorBanks:
  - {fileID: -882153158287543626}
  - {fileID: 17670527999841435}
  - {fileID: 4993142591444074666}
  - {fileID: -6969009899086849499}
  EditorEvents:
  - {fileID: -6837371913399898433}
  - {fileID: -4667430386468210679}
  - {fileID: 8119759373215654398}
  - {fileID: -3125960382126094684}
  EditorParameters: []
  MasterBanks:
  - {fileID: 17670527999841435}
  StringsBanks:
  - {fileID: -882153158287543626}
  stringsBankWriteTime: 637268081886976775
  cacheVersion: 3
--- !u!114 &17670527999841435
MonoBehaviour:
  m_ObjectHideFlags: 0
  m_CorrespondingSourceObject: {fileID: 0}
  m_PrefabInstance: {fileID: 0}
  m_PrefabAsset: {fileID: 0}
  m_GameObject: {fileID: 0}
  m_Enabled: 1
  m_EditorHideFlags: 0
  m_Script: {fileID: 11500000, guid: c18180ecb35941f4682ae60107b85b7c, type: 3}
  m_Name: bank:/Master Bank.bank
  m_EditorClassIdentifier: 
  Path: ../Chonky Birds-Fmod/Build/Desktop/Master Bank.bank
  SubDir: 
  lastModified: 637268081886906793
  LoadResult: 0
  FileSizes: []
  Exists: 1
--- !u!114 &350584693927551651
MonoBehaviour:
  m_ObjectHideFlags: 0
  m_CorrespondingSourceObject: {fileID: 0}
  m_PrefabInstance: {fileID: 0}
  m_PrefabAsset: {fileID: 0}
  m_GameObject: {fileID: 0}
  m_Enabled: 1
  m_EditorHideFlags: 0
  m_Script: {fileID: 11500000, guid: ceb653cd98e289a4e8697a1af55201f2, type: 3}
  m_Name: event:/Loading_Page_Draft_200225
  m_EditorClassIdentifier: 
  Path: event:/Loading_Page_Draft_200225
  guid: bdeeb809869f2a43a04e54c28e8f56ff
  Banks:
  - {fileID: -3135066724859910306}
  - {fileID: -5634332173787914885}
  IsStream: 1
  Is3D: 0
  IsOneShot: 0
  Parameters: []
  MinDistance: 0
  MaxDistance: 0
  Length: 19252
--- !u!114 &2247377460597379508
MonoBehaviour:
  m_ObjectHideFlags: 0
  m_CorrespondingSourceObject: {fileID: 0}
  m_PrefabInstance: {fileID: 0}
  m_PrefabAsset: {fileID: 0}
  m_GameObject: {fileID: 0}
  m_Enabled: 1
  m_EditorHideFlags: 0
  m_Script: {fileID: 11500000, guid: ceb653cd98e289a4e8697a1af55201f2, type: 3}
  m_Name: event:/Loading_Page_Draft_200225
  m_EditorClassIdentifier: 
  Path: event:/Loading_Page_Draft_200225
  guid: bdeeb809869f2a43a04e54c28e8f56ff
  Banks:
  - {fileID: -4113803765903166948}
  - {fileID: -3634192836842285051}
  IsStream: 1
  Is3D: 0
  IsOneShot: 0
  Parameters: []
  MinDistance: 0
  MaxDistance: 0
  Length: 19252
--- !u!114 &3985295316600791066
MonoBehaviour:
  m_ObjectHideFlags: 0
  m_CorrespondingSourceObject: {fileID: 0}
  m_PrefabInstance: {fileID: 0}
  m_PrefabAsset: {fileID: 0}
  m_GameObject: {fileID: 0}
  m_Enabled: 1
  m_EditorHideFlags: 0
  m_Script: {fileID: 11500000, guid: c18180ecb35941f4682ae60107b85b7c, type: 3}
  m_Name: bank:/Master Bank.strings.bank
  m_EditorClassIdentifier: 
  Path: C:/Users/Marcus Tan/Dropbox/Chonky Birds FMOD/Chonky Birds/Build/Desktop/Master
    Bank.strings.bank
  SubDir: 
  lastModified: 637266301049346838
  LoadResult: 0
  FileSizes:
  - Name: Desktop
    Value: 990
  Exists: 1
--- !u!114 &4644510005315201221
MonoBehaviour:
  m_ObjectHideFlags: 0
  m_CorrespondingSourceObject: {fileID: 0}
  m_PrefabInstance: {fileID: 0}
  m_PrefabAsset: {fileID: 0}
  m_GameObject: {fileID: 0}
  m_Enabled: 1
  m_EditorHideFlags: 0
  m_Script: {fileID: 11500000, guid: ceb653cd98e289a4e8697a1af55201f2, type: 3}
  m_Name: event:/Music/Main Theme
  m_EditorClassIdentifier: 
  Path: event:/Music/Main Theme
  guid: b6b668f3338c1f409d55dd0bcaea0909
  Banks:
  - {fileID: -3634192836842285051}
  IsStream: 0
  Is3D: 0
  IsOneShot: 1
  Parameters: []
  MinDistance: 0
  MaxDistance: 0
  Length: 0
--- !u!114 &4993142591444074666
MonoBehaviour:
  m_ObjectHideFlags: 0
  m_CorrespondingSourceObject: {fileID: 0}
  m_PrefabInstance: {fileID: 0}
  m_PrefabAsset: {fileID: 0}
  m_GameObject: {fileID: 0}
  m_Enabled: 1
  m_EditorHideFlags: 0
  m_Script: {fileID: 11500000, guid: c18180ecb35941f4682ae60107b85b7c, type: 3}
  m_Name: bank:/Music.bank
  m_EditorClassIdentifier: 
  Path: ../Chonky Birds-Fmod/Build/Desktop/Music.bank
  SubDir: 
  lastModified: 637268081887436856
  LoadResult: 0
  FileSizes: []
  Exists: 1
--- !u!114 &5462897430785300325
MonoBehaviour:
  m_ObjectHideFlags: 0
  m_CorrespondingSourceObject: {fileID: 0}
  m_PrefabInstance: {fileID: 0}
  m_PrefabAsset: {fileID: 0}
  m_GameObject: {fileID: 0}
  m_Enabled: 1
  m_EditorHideFlags: 0
  m_Script: {fileID: 11500000, guid: ceb653cd98e289a4e8697a1af55201f2, type: 3}
  m_Name: event:/Music/Chonk
  m_EditorClassIdentifier: 
  Path: event:/Music/Chonk
  guid: f575a8ea5134ce48a61dbdb6b3b2e2f0
  Banks:
  - {fileID: -5634332173787914885}
  IsStream: 0
  Is3D: 0
  IsOneShot: 1
  Parameters: []
  MinDistance: 0
  MaxDistance: 0
  Length: 0
--- !u!114 &6000867460380057020
MonoBehaviour:
  m_ObjectHideFlags: 0
  m_CorrespondingSourceObject: {fileID: 0}
  m_PrefabInstance: {fileID: 0}
  m_PrefabAsset: {fileID: 0}
  m_GameObject: {fileID: 0}
  m_Enabled: 1
  m_EditorHideFlags: 0
  m_Script: {fileID: 11500000, guid: c18180ecb35941f4682ae60107b85b7c, type: 3}
  m_Name: bank:/SFX.bank
  m_EditorClassIdentifier: 
  Path: C:/Users/Marcus Tan/Dropbox/Chonky Birds FMOD/Chonky Birds/Build/Desktop/SFX.bank
  SubDir: 
  lastModified: 637266301049916886
  LoadResult: 0
  FileSizes:
  - Name: Desktop
    Value: 470
  Exists: 1
--- !u!114 &6945135710492915422
MonoBehaviour:
  m_ObjectHideFlags: 0
  m_CorrespondingSourceObject: {fileID: 0}
  m_PrefabInstance: {fileID: 0}
  m_PrefabAsset: {fileID: 0}
  m_GameObject: {fileID: 0}
  m_Enabled: 1
  m_EditorHideFlags: 0
  m_Script: {fileID: 11500000, guid: c18180ecb35941f4682ae60107b85b7c, type: 3}
  m_Name: bank:/Music.bank
  m_EditorClassIdentifier: 
  Path: ../Chonky Birds-Fmod/Build/Desktop/Music.bank
  SubDir: 
  lastModified: 637266301049786908
  LoadResult: 0
  FileSizes: []
  Exists: 0
--- !u!114 &8078845362993406367
MonoBehaviour:
  m_ObjectHideFlags: 0
  m_CorrespondingSourceObject: {fileID: 0}
  m_PrefabInstance: {fileID: 0}
  m_PrefabAsset: {fileID: 0}
  m_GameObject: {fileID: 0}
  m_Enabled: 1
  m_EditorHideFlags: 0
  m_Script: {fileID: 11500000, guid: ceb653cd98e289a4e8697a1af55201f2, type: 3}
  m_Name: event:/Music/Race
  m_EditorClassIdentifier: 
  Path: event:/Music/Race
  guid: 11e9d71004b0f0408bdee82bc8193902
  Banks:
  - {fileID: -3634192836842285051}
  IsStream: 0
  Is3D: 0
  IsOneShot: 1
  Parameters: []
  MinDistance: 0
  MaxDistance: 0
  Length: 0
--- !u!114 &8119759373215654398
MonoBehaviour:
  m_ObjectHideFlags: 0
  m_CorrespondingSourceObject: {fileID: 0}
  m_PrefabInstance: {fileID: 0}
  m_PrefabAsset: {fileID: 0}
  m_GameObject: {fileID: 0}
  m_Enabled: 1
  m_EditorHideFlags: 0
  m_Script: {fileID: 11500000, guid: ceb653cd98e289a4e8697a1af55201f2, type: 3}
  m_Name: event:/Music/Main Theme
  m_EditorClassIdentifier: 
  Path: event:/Music/Main Theme
  guid: b6b668f3338c1f409d55dd0bcaea0909
  Banks:
  - {fileID: 4993142591444074666}
  IsStream: 0
  Is3D: 0
  IsOneShot: 1
  Parameters: []
  MinDistance: 0
  MaxDistance: 0
  Length: 0
--- !u!114 &8955051390208400467
MonoBehaviour:
  m_ObjectHideFlags: 0
  m_CorrespondingSourceObject: {fileID: 0}
  m_PrefabInstance: {fileID: 0}
  m_PrefabAsset: {fileID: 0}
  m_GameObject: {fileID: 0}
  m_Enabled: 1
  m_EditorHideFlags: 0
  m_Script: {fileID: 11500000, guid: c18180ecb35941f4682ae60107b85b7c, type: 3}
  m_Name: bank:/SFX.bank
  m_EditorClassIdentifier: 
  Path: Assets/FmodAssets/Banks/Desktop/SFX.bank
  SubDir: 
  lastModified: 637268090041165107
  LoadResult: 0
  FileSizes: []
  Exists: 1
